
@online{math-sup.fr_decomp,
	title = {math-sup.fr},
    author = {Millet, F.},
	url = {http://math-sup.ouvaton.org/index.php?sujet=cours&chapitre=DES5},
    langid = {french},
}

@video{bibmath_resolution_eq_diff,
	title = {Résolution des équations différentielles linéaires homogènes du premier ordre},
	url = {https://www.youtube.com/watch?v=yCmVLulzxyc},
	abstract = {Démonstration du théorème qui donne la forme des solutions d'une équation différentielle linéaire homogène du premier ordre},
	author = {Bibm@th},
    langid = {french},
    date = {2022-06-15},
}

@online{exo7,
	title = {Cours et exercices de mathématiques},
    author = {Exo7},
	url = {http://exo7.emath.fr/},
    langid = {french},
}

@book{exo7_analyse1,
    title = {Cours d'analyse de première année},
    author = {Exo7},
    url = {http://exo7.emath.fr/cours/livre-analyse-1.pdf},
    langid = {french},
}

@book{livre_prepa,
    title = {Cours de mathématiques de SUP},
    author = {Soyeur, Alain and Capaces, François and Vieillard-Baron, Emmanuel and Sésamath and les-mathematiques.net},
    url = {http://les.mathematiques.free.fr/pdf/livre.pdf},
    langid = {french},
}

@inreference{wikipedia,
	title = {Portail:Mathématiques},
	rights = {Creative Commons Attribution-{ShareAlike} License},
	url = {https://fr.wikipedia.org/w/index.php?title=Portail:Math%C3%A9matiques&oldid=189931811},
	shorttitle = {Portail},
	booktitle = {Wikipédia},
	date = {2022-01-16},
	langid = {french},
}

@online{bibmath,
	title = {Bibm@th, la bibliothèque des mathématiques},
    author = {Bibm@th},
	url = {https://www.bibmath.net/},
    langid= {french},
}

@book{cours_ressayre,
    title = {Cours de mathématiques semestre 1 : Université Lyon 1},
    author = {Ressayre, Nicolas},
    url = {http://math.univ-lyon1.fr/homes-www/ressayre/AnaI/22-23/cours.pdf},
    langid = {french},
}

@inreference{symbole_congru_wikipedia,
	title = {$\equiv$},
	rights = {Creative Commons Attribution-{ShareAlike} License},
	url = {https://fr.wikipedia.org/w/index.php?title=%E2%89%A1&oldid=186834390},
	abstract = {$\equiv$ est un symbole constitué de trois barres horizontales et parallèles.},
	booktitle = {Wikipédia},
	date = {2021-10-03},
    langid = {french},
}

@online{regle_hopital_bibmath,
	title = {Règle de L'Hospital},
	url = {https://www.bibmath.net/dico/index.php?action=affiche&quoi=./h/hospital.html},
    author = {Bibm@th},
    langid = {french},
}

@online{analyse_synthese_bibmath,
	title = {Raisonnement par analyse-synthèse},
	url = {https://www.bibmath.net/dico/index.php?action=affiche&quoi=./a/analysesynthese.html},
	author = {Bibm@th},
	langid = {french},
}

